@online{bohm2024saelges,
  author = {Maria Bohm},
  title = {Sælges også i Danmark: Nu overvejes kæmpe forbud},
  year = {2024},
  url = {https://www.bt.dk/penge/saelges-ogsaa-i-danmark-nu-overvejes-kaempe-forbud},
  urldate = {19-12-2024},
  organization = {B.T.}
}